@article{BMRDP,
   title ={The Modern Research Data Portal: A Design Pattern for Networked, Data-Intensive Science},
   journal = {PeerJ Preprints},
   author = {Kyle Chard and Eli Dart and Ian Foster and David Shifflett and Steven Tuecke and Jason Williams},
   note = {\url{docs.globus.org/mrdp}},
   year = 2017
}

@misc{RDAglobus,
   title = {Transferring {RDA} data with {G}lobus},
   note={\url{http://ncarrda.blogspot.com/2015/06/transferring-rda-data-with-globus.html}},
   year={2017}
}

@misc{RDA,
   title = {{CISL Research Data Archive}},
   note = {\url{http://rda.ucar.edu}},
   year={2017}
}

@misc{awsdatasets,
   title = {{AWS} Public Datasets},
   note={\url{https://aws.amazon.com/public-datasets/}},
   year={2017}
}

@inproceedings{basney2011oauth,
  title={An {OAuth} service for issuing certificates to science gateways for {TeraGrid} users},
  author={Basney, Jim and Gaynor, Jeff},
  booktitle={TeraGrid Conference: Extreme Digital Discovery},
  pages={32},
  year={2011},
  organization={ACM}
}

@article{iPlant,
  title = {The i{P}lant collaborative: Cyberinfrastructure for plant biology},
  author = {Stephen A. Goff and Matthew Vaughn and Sheldon McKay and Eric Lyons and Ann E. Stapleton and Damian Gessler and Naim Matasci and Liya Wang and Matthew Hanlon and Andrew Lenards and Andy Muir and Nirav Merchant and Sonya Lowry and Stephen Mock and Matthew Helmke and Adam Kubach and Martha Narro and Nicole Hopkins and David Micklos and Uwe Hilgert and Michael Gonzales and Chris Jordan and Edwin Skidmore and Rion Dooley and John Cazes and Robert McLay and Zhenyuan Lu and Shiran Pasternak and Lars Koesterke and William H. Piel and Ruth Grene and Christos Noutsos and Karla Gendler and Xin Feng and Chunlao Tang and Monica Lent and Seung-Jin Kim and Kristian Kvilekval and B. S. Manjunath and Val Tannen and Alexandros Stamatakis and Michael Sanderson and Stephen M. Welch and Karen A. Cranston and Pamela Soltis and Doug Soltis and Brian O'Meara and Cecile Ane and Tom Brutnell and Daniel J. Kleibenstein and Jeffery W. White and James Leebens-Mack and Michael J. Donoghue and Edgar P. Spalding and Todd J. Vision and Christopher R. Myers and David Lowenthal and Brian J. Enquist and Brad Boyle and Ali Akoglu and Greg Andrews and Sudha Ram and Doreen Ware and Lincoln Stein and Dan Stanzione},
  journal={Frontiers in Plant Science},
  volume={2},
  pages={34},
  year={2011}
}

@article{meyer15pub,
  title = {Data publication with the {Structural Biology Data Grid} supports live analysis},
  author = {Peter A. Meyer and Stephanie Socias and Jason Key and Elizabeth Ransey and Emily C. Tjon and Alejandro Buschiazzo and Ming Lei and Chris Botka and James Withrow and David Neau and Kanagalaghatta Rajashankar and Karen S. Anderson and Richard H. Baxter and Stephen C. Blacklow and Titus J. Boggon and Alexandre M. J. J. Bonvin and Dominika Borek and Tom J. Brett and Amedeo Caflisch and Chung-I Chang and Walter J. Chazin and Kevin D. Corbett and Michael S. Cosgrove and Sean Crosson and Sirano Dhe-Paganon and Enrico Di Cera and Catherine L. Drennan and Michael J. Eck and Brandt F. Eichman and Qing R. Fan and Adrian R. Ferr\'{e}-D'Amar\'{e} and J. Christopher Fromme and K. Christopher Garcia and Rachelle Gaudet and Peng Gong and Stephen C. Harrison and Ekaterina E. Heldwein and Zongchao Jia and Robert J. Keenan and Andrew C. Kruse and Marc Kvansakul and Jason S. McLellan and Yorgo Modis and Yunsun Nam and Zbyszek Otwinowski and Emil F. Pai and Pedro Jos\'{e} Barbosa Pereira and Carlo Petosa and C. S. Raman and Tom A. Rapoport and Antonina Roll-Mecak and Michael K. Rosen and Gabby Rudenko and Joseph Schlessinger and Thomas U. Schwartz and Yousif Shamoo and Holger Sondermann and Yizhi J. Tao and Niraj H. Tolia and Oleg V. Tsodikov and Kenneth D. Westover and Hao Wu and Ian Foster and James S. Fraser and Filipe R. N C. Maia and Tamir Gonen and Tom Kirchhausen and Kay Diederichs and Merc\`{e} Crosas and Piotr Sliz},
  journal={Nature Communications},
  volume={7},
  year={2016}
}

@article{crosas11dataverse,
  title = {The {D}ataverse network: An open-source application for sharing, discovering and preserving data},
  author = {Mercè Crosas},
  journal={D-lib Magazine},
  volume={17},
  number={2},
  year={2011}
}

@article{haplotype2016reference,
  title={A reference panel of 64,976 haplotypes for genotype imputation},
  author={Shane McCarthy and Sayantan Das and Warren Kretzschmar and	Olivier Delaneau and Andrew R Wood and Alexander Teumer and	Hyun Min Kang and	Christian Fuchsberger and	Petr Danecek and Kevin Sharp and Yang Luo and	Carlo Sidore and	Alan Kwong and	Nicholas Timpson and Seppo Koskinen and	Scott Vrieze and Laura J Scott and	He Zhang and	Anubha Mahajan and	Jan Veldink and	Ulrike Peters and	Carlos Pato and Cornelia M van Duijn and	Christopher E Gillies and	Ilaria Gandin and	Massimo Mezzavilla and	Arthur Gilly and Massimiliano Cocca and	Michela Traglia and	Andrea Angius and	Jeffrey C Barrett and	Dorrett Boomsma and Kari Branham and	Gerome Breen and	Chad M Brummett and	Fabio Busonero and	Harry Campbell and Andrew Chan and	Sai Chen and	Emily Chew and	Francis S Collins and	Laura J Corbin and	George Davey Smith and	George Dedoussis and	Marcus Dorr and	Aliki-Eleni Farmaki and	Luigi Ferrucci and	Lukas Forer and Ross M Fraser and	Stacey Gabriel and	Shawn Levy and	Leif Groop and	Tabitha Harrison and	Andrew Hattersley and	Oddgeir L Holmen and	Kristian Hveem and	Matthias Kretzler and	James C Lee and	Matt McGue and	Thomas Meitinger and	David Melzer and	Josine L Min and	Karen L Mohlke and	John B Vincent and Matthias Nauck and	Deborah Nickerson and	Aarno Palotie and	Michele Pato and	Nicola Pirastu and	Melvin McInnis and	J Brent Richards and	Cinzia Sala and	Veikko Salomaa and	David Schlessinger and	Sebastian Schoenherr and	P Eline Slagboom and	Kerrin Small and	Timothy Spector and	Dwight Stambolian and	Marcus Tuke and	Jaakko Tuomilehto and	Leonard H Van den Berg and	Wouter Van Rheenen and	Uwe Volker and Cisca Wijmenga and	Daniela Toniolo and	Eleftheria Zeggini and	Paolo Gasparini and	Matthew G Sampson and	James F Wilson and	Timothy Frayling and	Paul I W de Bakker and	Morris A Swertz and	Steven McCarroll and	Charles Kooperberg and	Annelot Dekker and	David Altshuler and	Cristen Willer and	William Iacono and	Samuli Ripatti and	Nicole Soranzo and	Klaudia Walter and	Anand Swaroop and	Francesco Cucca and Carl A Anderson and	Richard M Myers and	Michael Boehnke and	Mark I McCarthy and	Richard Durbin and Gonçalo Abecasis	and Jonathan Marchini},
  journal={Nature genetics},
  volume={48},
  number={10},
  pages={1279--1283},
  year={2016},
  publisher={Nature Research}
}

@article{morin13sbgrid,
 author = {Morin, Andrew and Eisenbraun, Ben and Key, Jason and Sanschagrin, Paul C and Timony, Michael A and Ottaviano, Michelle and Sliz, Piotr},
 title = {Collaboration gets the most out of software},
 volume = {2},
 year = {2013},
 month = {sep},
 pages = {e01456},
 doi = {10.7554/eLife.01456},
 publisher = {eLife Sciences Publications, Ltd},
 journal = {eLife},
}

@inproceedings{hanemann2005perfsonar,
  title={perf{SONAR}: A service oriented architecture for multi-domain network monitoring},
  author={Hanemann, Andreas and Boote, Jeff W and Boyd, Eric L and Durand, J{\'e}r{\^o}me and Kudarimoti, Loukik and {\L}apacz, Roman and Swany, D Martin and Trocha, Szymon and Zurawski, Jason},
  booktitle={International Conference on Service-Oriented Computing},
  pages={241--254},
  year={2005},
  organization={Springer}
}

@article{lecarpentier2013eudat,
  title={{EUDAT}: A new cross-disciplinary data infrastructure for science},
  author={Lecarpentier, Damien and Wittenburg, Peter and Elbers, Willem and Michelini, Alberto and Kanso, Riam and Coveney, Peter and Baxter, Rob},
  journal={International Journal of Digital Curation},
  volume={8},
  number={1},
  pages={279--287},
  year={2013}
}

@techreport{laure2006programming,
  title={Programming the Grid with g{L}ite},
  institution = {CERN},
  number = {EGEE-TR-2006-001},
  author={E. Laure and S.M. Fisher and A. Frohner and C. Grandi and P. Kunszt and A. Krenek and
  O. Mulmo and F. Pacini and F. Prelz and J. White and
  M. Barroso and P. Buncic and F. Hemmer and A. {Di Meglio} and A. Edlund},
  note = {\url{http://cds.cern.ch/record/936685}},
  year={2006}
}

@misc{TimBL,
  author = {Tim Berners-Lee},
  title = {Information Management: A Proposal},
  year = 1989,
  note = {\url{https://www.w3.org/History/1989/proposal.html}}
  }

@misc{Fasterdata,
  year = 2017,
  author = {{ESnet}},
  title= {{ESnet Fasterdata Knowledge Base}},
  note = {\url{http://fasterdata.es.net}}
  }
  
@article{Phedex,
   author = {Egeland, Ricky and Wildishb, Tony and Huang, Chih-Hao},
   title = {{PhEDEx} Data Service},
   journal = {Journal of Physics: Conference Series},
   volume = {219},
   year = {2010}
}

@misc{InCommon,
   author = {Barnett, William and Welch, Von and Walsh, Alan and Stewart, Craig A.},
   title = {A Roadmap for Using {NSF} Cyberinfrastructure with {InCommon}},
   note = {\url{http://hdl.handle.net/2022/13024}},
   year = {2011}
}

@misc{dmagic,
  author = {Francesco {De Carlo}},
  title = {{DMagic} data management system},
  note = {\url{http://dmagic.readthedocs.io}},
   year = {2017}
}

@article{Allen2012,
   author = {Allen, Bryce and Bresnahan, John and Childers, Lisa and Foster, Ian and Kandaswamy, Gopi and Kettimuthu, Raj and Kordas, Jack and Link, Mike and Martin, Stuart and Pickett, Karl and Tuecke, Steven},
   title = {Software as a Service for Data Scientists},
   journal = {Communications of the ACM},
   volume = {55},
   number = {2},
   pages = {81-88},
   year = {2012}
}

@article{wilkins2008teragrid,
  title={{TeraGrid} science gateways and their impact on science},
  author={Wilkins-Diehr, Nancy and Gannon, Dennis and Klimeck, Gerhard and Oster, Scott and Pamidighantam, Sudhakar},
  journal={Computer},
  volume={41},
  number={11},
  year={2008},
  publisher={IEEE}
}

@inproceedings{russell2001astrophysics,
  title={The {Astrophysics Simulation Collaboratory}: A science portal enabling community software development},
  author={Russell, Michael and Allen, Gabrielle and Daues, Greg and Foster, Ian and Seidel, Edward and Novotny, Jason and Shalf, John and Von Laszewski, Gregor},
  booktitle={10th IEEE International Symposium on High Performance Distributed Computing},
  pages={207--215},
  year={2001}
}

@article{klimeck2008nanohub,
  title={nanohub.org: Advancing education and research in nanotechnology},
  author={Klimeck, Gerhard and McLennan, Michael and Brophy, Sean P and Adams III, George B and Lundstrom, Mark S},
  journal={Computing in Science \& Engineering},
  volume={10},
  number={5},
  pages={17--23},
  year={2008},
  publisher={IEEE}
}

@inproceedings{allcock2005globus,
  title={The {Globus striped GridFTP} framework and server},
  author={Allcock, William and Bresnahan, John and Kettimuthu, Rajkumar and Link, Michael and Dumitrescu, Catalin and Raicu, Ioan and Foster, Ian},
  booktitle={ACM/IEEE Conference on Supercomputing},
  pages={54},
  year={2005}
}

@article{UDT,
   author = {Gu, Yunhong and Grossman, Robert L.},
   title = {{UDT: UDP}-based data transfer for high-speed wide area networks},
   journal = {Comput. Netw.},
   volume = {51},
   number = {7},
   pages = {1777-1799},
   year = {2007}
}

@inproceedings{subramoni2010high,
  title={High performance data transfer in grid environment using {GridFTP} over {InfiniBand}},
  author={Subramoni, Hari and Lai, Ping and Kettimuthu, Raj and Panda, Dhabaleswar K},
  booktitle={10th IEEE/ACM International Conference on Cluster, Cloud and Grid Computing},
  pages={557--564},
  year={2010},
  organization={IEEE}
}

@article{kelly2003scalable,
  title={Scalable {TCP}: Improving performance in highspeed wide area networks},
  author={Kelly, Tom},
  journal={ACM SIGCOMM Computer Communication Review},
  volume={33},
  number={2},
  pages={83--91},
  year={2003},
  publisher={ACM}
}

@article{pierce2015apache,
  title={Apache {A}iravata: Design and directions of a science gateway framework},
  author={Pierce, Marlon E and Marru, Suresh and Gunathilake, Lahiru and Wijeratne, Don Kushan and Singh, Raminder and Wimalasena, Chathuri and Ratnayaka, Shameera and Pamidighantam, Sudhakar},
  journal={Concurrency and Computation: Practice and Experience},
  volume={27},
  number={16},
  pages={4282--4291},
  year={2015},
  publisher={Wiley Online Library}
}

@article{lawrence2015science,
  title={Science gateways today and tomorrow: Positive perspectives of nearly 5000 members of the research community},
  author={Lawrence, Katherine A and Zentner, Michael and Wilkins-Diehr, Nancy and Wernert, Julie A and Pierce, Marlon and Marru, Suresh and Michael, Scott},
  journal={Concurrency and Computation: Practice and Experience},
  volume={27},
  number={16},
  pages={4252--4268},
  year={2015},
  publisher={Wiley Online Library}
}

@article{FastTCP,
   author = {Jin, Cheng and Wei, David and Low, Steven H. and Bunn, Julian and Choe, Hyojeong D. and Doylle, J. C. and Newman, Harvey and Ravot, Sylvain and Singh, Suresh and Paganini, Fernando},
   title = {{FAST TCP}: From theory to experiments},
   journal = {IEEE Network},
   volume = {19},
   number = {1},
   pages = {4-11},
   year = {2005}
}

@techreport{hanushevsky2001peer,
  title={Peer to peer computing for secure high performance data copying},
  author={Hanushevsky, Andrew and Trunov, Artem and Cottrell, Les},
  institution = {Stanford Linear Accelerator Center},
  number={SLAC-PUB-8908},
  year={2001}
}

@article{hey2009fourth,
  title={The Fourth Paradigm},
  author={Hey, Tony and Tansley, Stewart and Tolle, Kristin},
  journal={Microsoft Research},
  year={2009}
}

@article{mclennan2010hubzero,
  title={{HUB}zero: A platform for dissemination and collaboration in computational science and engineering},
  author={McLennan, Michael and Kennell, Rick},
  journal={Computing in Science \& Engineering},
  volume={12},
  number={2},
  year={2010},
  publisher={IEEE}
}

@article{tenopir2011data,
  title={Data sharing by scientists: Practices and perceptions},
  author={Tenopir, Carol and Allard, Suzie and Douglass, Kimberly and Aydinoglu, Arsev Umur and Wu, Lei and Read, Eleanor and Manoff, Maribeth and Frame, Mike},
  journal={PLOS ONE},
  volume={6},
  number={6},
  pages={e21101},
  year={2011},
  publisher={Public Library of Science}
}

@inproceedings{dooley2012software,
  title={Software-as-a-service: the {iPlant foundation API}},
  author={Dooley, Rion and Vaughn, Matthew and Stanzione, Dan and Terry, Steve and Skidmore, Edwin},
  booktitle={5th IEEE Workshop on Many-Task Computing on Grids and Supercomputers},
  year={2012}
}

@inproceedings{rao2016experimental,
  title={Experimental Analysis of File Transfer Rates over Wide-Area Dedicated Connections},
  author={Rao, Nageswara SV and Liu, Qiang and Sen, Satyabrata and Hinkel, Greg and Imam, Neena and Foster, Ian and Kettimuthu, Rajkumar and Settlemyer, Bradley W and Wu, Chase Q and Yun, Daqing},
  booktitle={IEEE 18th International Conference on High Performance Computing and Communications},
  pages={198--205},
  year={2016},
  organization={IEEE}
}

@inproceedings{Hacker,
   author = {Hacker, Thomas J. and Noble, Brian D. and Athey, Brian D.},
   title = {Improving Throughput and Maintaining Fairness using Parallel {TCP}},
   booktitle = {IEEE InfoCom},
   year = {2004}
}

@article{Borgman,
   author = {Borgman, Christine L.},
   title = {The conundrum of sharing research data},
   journal = {Journal of the American Society for Information Science and Technology},
   volume = {63},
   number = {6},
   pages = {1059-1078},
   keywords = {research data sets
collaboration
information reuse
information policy
motivation},
   year = {2012}
}

@MISC{oauth2,
  author = {D. Hardt},
  title = {{OAuth} 2.0 Authorization Framework Specification},
  note = {\url{http://tools.ietf.org/html/rfc6749}},
  year = {2012},
  organization = {Internet Engineering Task Force},
  type = "RFC",
  number = "6749"
}

@MISC{openidconnect,
  title =        {{OpenID Connect Core 1.0}},
  author =       {N. Sakimura and J. Bradley and M. Jones and B. de Medeiros and C. Mortimore},
  howpublished = {\url{http://openid.net/specs/openid-connect-core-1_0.html}},
  month =        nov,
  year =         {2014}
}

@inproceedings{dart2014science,
 author = {Dart, Eli and Rotman, Lauren and Tierney, Brian and Hester, Mary and Zurawski, Jason},
 title = {The {Science DMZ}: A Network Design Pattern for Data-intensive Science},
 booktitle = {International Conference on High Performance Computing, Networking, Storage and Analysis},
 series = {SC '13},
 year = {2013},
 isbn = {978-1-4503-2378-9},
 location = {Denver, Colorado},
 pages = {85:1--85:10},
 articleno = {85},
 numpages = {10},
 url = {http://doi.acm.org/10.1145/2503210.2503245},
 doi = {10.1145/2503210.2503245},
 acmid = {2503245},
 publisher = {ACM},
 address = {New York, NY, USA}
}

@book{gamma1995design,
  title={Design Patterns: Elements of Reusable Object-oriented Software},
  author={Gamma, Erich and Richard Helm and Ralph Johnson and John Vlissides},
  year={1994},
  publisher={Addison-Wesley}
}

@INPROCEEDINGS{chard15publication, 
author={K. Chard and J. Pruyne and B. Blaiszik and R. Ananthakrishnan and S. Tuecke and I. Foster}, 
booktitle={11th IEEE International Conference on e-Science (e-Science)}, 
title={Globus Data Publication as a Service: Lowering Barriers to Reproducible Science}, 
year={2015}, 
pages={401-410}, 
keywords={cloud computing;data handling;natural sciences computing;Globus data publication as a service;Globus research data management service;cloud storage;data curation workflows;reproducible science;scientific data;Databases;IEEE catalogs;Memory;Metadata;Publishing;User interfaces;Globus;data publication;research data management}, 
doi={10.1109/eScience.2015.68}, 
month={Aug},}

@article{allen12globus,
 author = {Allen, Bryce and Bresnahan, John and Childers, Lisa and Foster, Ian and Kandaswamy, Gopi and Kettimuthu, Raj and Kordas, Jack and Link, Mike and Martin, Stuart and Pickett, Karl and Tuecke, Steven},
 title = {Software As a Service for Data Scientists},
 journal = {Commun. ACM},
 issue_date = {February 2012},
 volume = {55},
 number = {2},
 month = feb,
 year = {2012},
 issn = {0001-0782},
 pages = {81--88},
 numpages = {8},
 url = {http://doi.acm.org/10.1145/2076450.2076468},
 doi = {10.1145/2076450.2076468},
 acmid = {2076468},
 publisher = {ACM},
 address = {New York, NY, USA},
} 

@techreport{mattmann2006classification,
  title={A classification and evaluation of data movement technologies for the delivery of highly voluminous scientific data products},
  author={Mattmann, Chris A and Kelly, Sean and Crichton, Daniel J and Hughes, J Steven and Hardman, Sean and Ramirez, Paul and Joyner, Ron},
  year={2006},
  institution={Jet Propulsion Laboratory}
}

@inproceedings{tuecke16auth, 
author={Steven Tuecke and Rachana Ananthakrishnan and Kyle Chard and Mattias Lidman and Brendan McCollam and I Foster}, 
booktitle={12th IEEE International Conference on e-Science (e-Science)}, 
title={Globus {A}uth: A research identity and access management platform}, 
year={2015}, 
pages={}
}


@ARTICLE{smith2003dspace,
  author = {Smith, MacKenzie and Barton, Mary and Bass, Mick and Branschofsky,
	Margret and McClellan, Greg and Stuve, Dave and Tansley, Robert and
	Walker, Julie Harford},
  title = {{DSpace}: An open source dynamic digital repository},
  journal = {D-Lib Magazine},
  year = {2003},
  volume = {9},
  number = {1}
}

@article {ananthakrishnan15platform,
author = {Ananthakrishnan, Rachana and Chard, Kyle and Foster, Ian and Tuecke, Steven},
title = {Globus platform-as-a-service for collaborative science applications},
journal = {Concurrency and Computation: Practice and Experience},
volume = {27},
number = {2},
issn = {1532-0634},
url = {http://dx.doi.org/10.1002/cpe.3262},
doi = {10.1002/cpe.3262},
pages = {290--305},
keywords = {platform-as-a-service, identity, group, authentication, authorization, profile, transfer, sharing, science gateways, collaboration, cloud},
year = {2015},
note = {CPE-13-0323.R1},
}

@inproceedings{henry1991nose,
  title={A nose gesture interface device: Extending virtual realities},
  author={Henry, Tyson R and Hudson, Scott E and Yeatts, Andrey K and Myers, Brad A and Feiner, Steven},
  booktitle={4th ACM Symposium on User Interface Software and Technology},
  pages={65--68},
  year={1991},
  organization={ACM}
}


@ARTICLE{foster11globusonline,
  author = {Foster, I.},
  title = {Globus {O}nline: Accelerating and Democratizing Science through Cloud-Based
	Services},
  journal = {Internet Computing, IEEE},
  year = {2011},
  volume = {15},
  pages = {70-73},
  number = {3},
  month = {May},
  doi = {10.1109/MIC.2011.64},
  issn = {1089-7801}
}

@article{cusumano2010cloud,
  title={Cloud computing and {SaaS} as new computing platforms},
  author={Cusumano, Michael},
  journal={Communications of the ACM},
  volume={53},
  number={4},
  pages={27--29},
  year={2010},
  publisher={ACM}
}

@ARTICLE{chard14globus,
  author = {Chard, K. and Tuecke, S. and Foster, I.},
  title = {Efficient and Secure Transfer, Synchronization, and Sharing of Big Data},
  journal = {IEEE Cloud Computing},
  year = {2014},
  volume = {1},
  pages = {46-55},
  number = {3},
  month = {Sept},
  doi = {10.1109/MCC.2014.52},
  issn = {2325-6095},
  keywords = {Big Data;cloud computing;electronic data interchange;security of data;storage
	management;Big Data sharing;Globus;cloud computing;cloud storage;data
	sizes;local storage;secure transfer;security models;standard data
	interfaces;storage models;synchronization;Authentication;Big data;Cloud
	computing;Computer security;Data models;Scalability;Servers;Synchronization;Globus;big
	data;data sharing;data transfer}
}


@Article{irods,
  Title                    = {{iRODS Primer}: Integrated rule-oriented data system},
  Author                   = {Rajasekar, Arcot and Moore, Reagan and Hou, Chien-yi and Lee, Christopher A and Marciano, 
Richard and de Torcy, Antoine and Wan, Michael and Schroeder, Wayne and Chen, Sheau-Yen and Gilbert, 
Lucas and Paul Tooby and Bing Zhu},
  Journal                  = {Synthesis Lectures on Information Concepts, Retrieval, and Services},
  Year                     = {2010},
  Number                   = {1},
  Pages                    = {1--143},
  Volume                   = {2},
  Publisher                = {Morgan \& Claypool Publishers}
}

@INPROCEEDINGS{babuju16kotta, 
author={Y. N. Babuji and K. Chard and A. Gerow and E. Duede}, 
booktitle={IEEE International Conference on Big Data}, 
title={Cloud {K}otta: Enabling secure and scalable data analytics in the cloud}, 
year={2016}, 
pages={302-310}, 
keywords={authorisation;cloud computing;data analysis;data protection;database management systems;storage management;authorized users;automated infrastructure scaling;cloud Kotta;cloud-based data analytics;cloud-based data management;distributed communities;large datasets;low-cost storage;protected data;scalable data analytics;secure data analytics;Analytical models;Cloud computing;Computational modeling;Computer architecture;Optical character recognition software;Random access memory;Reliability}, 
doi={10.1109/BigData.2016.7840616}, 
month={Dec},}

@article{chard16nexus,
title = "Globus Nexus: A Platform-as-a-Service provider of research identity, profile, and group management ",
journal = "Future Generation Computer Systems ",
volume = "56",
number = "",
pages = "571 - 583",
year = "2016",
note = "",
issn = "0167-739X",
doi = "https://doi.org/10.1016/j.future.2015.09.006",
url = "http://www.sciencedirect.com/science/article/pii/S0167739X1500285X",
author = "Kyle Chard and Mattias Lidman and Brendan McCollam and Josh Bryan and Rachana Ananthakrishnan and Steven Tuecke and Ian Foster",
keywords = "Globus Nexus",
keywords = "Platform-as-a-Service",
keywords = "Identity management",
keywords = "Identity federation",
keywords = "Group management "
}


